@ARTICLE{Johnstone:1998,
  author =	 {{Johnstone}, D. and {Hollenbach}, D. and {Bally},
                  J.},
  title =	 "{Photoevaporation of Disks and Clumps by Nearby
                  Massive Stars: Application to Disk Destruction in
                  the Orion Nebula}",
  journal =	 {\apj},
  keywords =	 {Accretion, Accretion Disks, Stars: Circumstellar
                  Matter, ISM: H II Regions, ISM: General, Galaxy:
                  Open Clusters and Associations: Individual: Name:
                  Orion Nebula Cluster},
  year =	 1998,
  month =	 may,
  volume =	 499,
  pages =	 {758-776},
  adsurl =	 {http://adsabs.harvard.edu/abs/1998ApJ...499..758J},
  adsnote =	 {Provided by the SAO/NASA Astrophysics Data System}
}

@ARTICLE{Laques:1979,
  author =	 {{Laques}, P. and {Vidal}, J.~L.},
  title =	 "{Detection of a new type of condensations in the
                  center of the Orion Nebula by means of S20
                  photocathode cells associated with a Lallemand
                  electronic camera}",
  journal =	 {\aap},
  keywords =	 {Astronomical Photography, Electron Density
                  (Concentration), Interstellar Matter, Lallemand
                  Cameras, Nebulae, Photocathodes, Atmospheric
                  Turbulence, Calibrating, Condensation, Ionized
                  Gases, Stellar Models, Submillimeter Waves},
  year =	 1979,
  month =	 mar,
  volume =	 73,
  pages =	 {97-106},
  adsurl =	 {http://adsabs.harvard.edu/abs/1979A%26A....73...97L},
  adsnote =	 {Provided by the SAO/NASA Astrophysics Data System}
}

@ARTICLE{Canto:1996,
  author =	 {{Canto}, J. and {Raga}, A.~C. and {Wilkin}, F.~P.},
  title =	 "{Exact, Algebraic Solutions of the Thin-Shell
                  Two-Wind Interaction Problem}",
  journal =	 {\apj},
  keywords =	 {STARS: MASS LOSS, HYDRODYNAMICS, SHOCK WAVES, ISM:
                  BUBBLES},
  year =	 1996,
  month =	 oct,
  volume =	 469,
  pages =	 729,
  doi =		 {10.1086/177820},
  adsurl =	 {http://adsabs.harvard.edu/abs/1996ApJ...469..729C},
  adsnote =	 {Provided by the SAO/NASA Astrophysics Data System}
}

@ARTICLE{churchwell:1987,
   author = {{Churchwell}, E. and {Felli}, M. and {Wood}, D.~O.~S. and {Massi}, M.
	},
    title = "{Solar system-sized condensations in the Orion Nebula}",
  journal = {\apj},
 keywords = {Condensation, Hydrogen Clouds, Orion Nebula, Radio Sources (Astronomy),
             Stellar Envelopes, Hydrogen Ions, Pre-Main Sequence Stars, Protostars,
	     Ultraviolet Radiation, Very Large Array (Vla)},
     year = 1987,
    month = oct,
   volume = 321,
    pages = {516-529},
      doi = {10.1086/165648},
   adsurl = {http://adsabs.harvard.edu/abs/1987ApJ...321..516C},
  adsnote = {Provided by the SAO/NASA Astrophysics Data System}
}
@ARTICLE{ODell:1993,
   author = {{O'dell}, C.~R. and {Wen}, Z. and {Hu}, X.},
    title = "{Discovery of new objects in the Orion nebula on HST images - Shocks, compact sources, and protoplanetary disks}",
  journal = {\apj},
 keywords = {Herbig-Haro Objects, Hubble Space Telescope, Orion Nebula, Pre-Main Sequence Stars, Protoplanets, Spaceborne Astronomy, Astronomical Models, Charge Coupled Devices, Ionization, Molecular Clouds, Shock Waves},
     year = 1993,
    month = jun,
   volume = 410,
    pages = {696-700},
      doi = {10.1086/172786},
   adsurl = {http://adsabs.harvard.edu/abs/1993ApJ...410..696O},
  adsnote = {Provided by the SAO/NASA Astrophysics Data System}
}

@ARTICLE{HA:1998,
  author =	 {{Henney}, W.~J. and {Arthur}, S.~J.},
  title =	 "{Modeling the Brightness Profiles of the Orion
                  Proplyds}",
  journal =	 {\aj},
  keywords =	 {ISM: H II REGIONS, ISM: GLOBULES, ISM: INDIVIDUAL:
                  MESSIER NUMBER: M42, STARS: INDIVIDUAL:
                  CONSTELLATION NAME: THETA\^{}1 ORIONIS C, STARS:
                  PRE-MAIN-SEQUENCE},
  year =	 1998,
  month =	 jul,
  volume =	 116,
  pages =	 {322-335},
  doi =		 {10.1086/300433},
  adsurl =	 {http://adsabs.harvard.edu/abs/1998AJ....116..322H},
  adsnote =	 {Provided by the SAO/NASA Astrophysics Data System}
}

@article{ODell:1994a,
  Author =	 {{O'Dell}, C.~R. and {Wen}, Z.},
  Journal =	 {\apj},
  Month =	 nov,
  Pages =	 {194-202},
  Title =	 {{Postrefurbishment mission Hubble Space Telescope
                  images of the core of the Orion Nebula: Proplyds,
                  Herbig-Haro objects, and measurements of a
                  circumstellar disk}},
  Volume =	 436,
  Year =	 1994
}

@book{Stahler:2004,
  title = {The Formation of Stars},
  author = {Steven W. {Stahler} and Francesco {Palla}}, 
  isbn = {3-527-40559-3},
  year = {2004},
  publisher = {Wiley-VCH},
  keywords = {Astrophysics}
}

@ARTICLE{Bally-Langer:1987,
   author = {{Bally}, J. and {Langer}, W.~D. and {Stark}, A.~A. and {Wilson}, R.~W.
	},
    title = "{Filamentary structure in the Orion molecular cloud}",
  journal = {\apjl},
 keywords = {Molecular Clouds, Orion Nebula, Star Formation, Carbon Monoxide, Extragalactic Radio Sources},
     year = 1987,
    month = jan,
   volume = 312,
    pages = {L45-L49},
      doi = {10.1086/184817},
   adsurl = {http://adsabs.harvard.edu/abs/1987ApJ...312L..45B},
  adsnote = {Provided by the SAO/NASA Astrophysics Data System}
}

@ARTICLE{Genzel:1989,
   author = {{Genzel}, R. and {Stutzki}, J.},
    title = "{The Orion Molecular Cloud and star-forming region}",
  journal = {\araa},
 keywords = {Molecular Clouds, Orion Nebula, Star Formation, H Ii Regions, Interstellar Magnetic Fields, Interstellar Matter, O Stars, Spatial Distribution, Star Distribution},
     year = 1989,
   volume = 27,
    pages = {41-85},
      doi = {10.1146/annurev.aa.27.090189.000353},
   adsurl = {http://adsabs.harvard.edu/abs/1989ARA%26A..27...41G},
  adsnote = {Provided by the SAO/NASA Astrophysics Data System}
}

@ARTICLE{Menten:2007,
   author = {{Menten}, K.~M. and {Reid}, M.~J. and {Forbrich}, J. and {Brunthaler}, A.
	},
    title = "{The distance to the Orion Nebula}",
  journal = {\aap},
archivePrefix = "arXiv",
   eprint = {0709.0485},
 keywords = {stars: pre-main sequence, radio continuum: stars, techniques: interferometic, astrometry},
     year = 2007,
    month = nov,
   volume = 474,
    pages = {515-520},
      doi = {10.1051/0004-6361:20078247},
   adsurl = {http://adsabs.harvard.edu/abs/2007A%26A...474..515M},
  adsnote = {Provided by the SAO/NASA Astrophysics Data System}
}

@ARTICLE{Yusef:1990,
   author = {{Yusef-Zadeh}, F.},
    title = "{Structural details of the Orion Nebula - Detection of a network of stringlike ionized features}",
  journal = {\apjl},
 keywords = {H Ii Regions, Orion Nebula, Interstellar Gas, Very Large Array (Vla)},
     year = 1990,
    month = sep,
   volume = 361,
    pages = {L19-L22},
      doi = {10.1086/185817},
   adsurl = {http://adsabs.harvard.edu/abs/1990ApJ...361L..19Y},
  adsnote = {Provided by the SAO/NASA Astrophysics Data System}
}

@ARTICLE{Churchwell:1970,
   author = {{Gordon}, M.~A. and {Churchwell}, E.},
    title = "{Shapes of Recombination Lines at {$\lambda$} 3 CM in M 42, M 17 and IC 1795}",
  journal = {\aap},
     year = 1970,
    month = dec,
   volume = 9,
    pages = {307-311},
   adsurl = {http://adsabs.harvard.edu/abs/1970A%26A.....9..307G},
  adsnote = {Provided by the SAO/NASA Astrophysics Data System}
}

@phdthesis{Eisner:2005,
  title = {High Angular Resolution Studies of the Structure and Evolution of Protoplanetary Disks},
  author = {Joshua A. {Eisner}}, 
  isbn = {1-58112-280-2},
  year = {2005},
  school = {California Institute of Technology},
  keywords = {Disks}
}

@ARTICLE{Ballesteros:2011,
   author = {{Ballesteros-Paredes}, J. and {Hartmann}, L.~W. and {V{\'a}zquez-Semadeni}, E. and 
	{Heitsch}, F. and {Zamora-Avil{\'e}s}, M.~A.},
    title = "{Gravity or turbulence? Velocity dispersion-size relation}",
  journal = {\mnras},
archivePrefix = "arXiv",
   eprint = {1009.1583},
 keywords = {turbulence, stars: formation, ISM: clouds, ISM: general, ISM: kinematics and dynamics},
     year = 2011,
    month = feb,
   volume = 411,
    pages = {65-70},
      doi = {10.1111/j.1365-2966.2010.17657.x},
   adsurl = {http://adsabs.harvard.edu/abs/2011MNRAS.411...65B},
  adsnote = {Provided by the SAO/NASA Astrophysics Data System}
}

@ARTICLE{Hennebelle:1999,
   author = {{Hennebelle}, P. and {P{\'e}rault}, M.},
    title = "{Dynamical condensation in a thermally bistable flow. Application to interstellar cirrus}",
  journal = {\aap},
 keywords = {HYDRODYNAMICS, INSTABILITIES, ISM: KINEMATICS AND DYNAMICS, ISM: STRUCTURE, ISM: CLOUDS},
     year = 1999,
    month = nov,
   volume = 351,
    pages = {309-322},
   adsurl = {http://adsabs.harvard.edu/abs/1999A%26A...351..309H},
  adsnote = {Provided by the SAO/NASA Astrophysics Data System}
}

@ARTICLE{Hartmann:2007,
   author = {{Hartmann}, L. and {Burkert}, A.},
    title = "{On the Structure of the Orion A Cloud and the Formation of the Orion Nebula Cluster}",
  journal = {\apj},
   eprint = {astro-ph/0609679},
 keywords = {ISM: Clouds, ISM: Structure, Galaxy: Open Clusters and Associations: Individual: Name: Orion Nebula Cluster, Stars: Formation},
     year = 2007,
    month = jan,
   volume = 654,
    pages = {988-997},
      doi = {10.1086/509321},
   adsurl = {http://adsabs.harvard.edu/abs/2007ApJ...654..988H},
  adsnote = {Provided by the SAO/NASA Astrophysics Data System}
}

@ARTICLE{Ballesteros:1999,
   author = {{Ballesteros-Paredes}, J. and {Hartmann}, L. and {V{\'a}zquez-Semadeni}, E.
	},
    title = "{Turbulent Flow-driven Molecular Cloud Formation: A Solution to the Post-T Tauri Problem?}",
  journal = {\apj},
   eprint = {astro-ph/9907053},
 keywords = {ISM: CLOUDS, ISM: EVOLUTION, STARS: FORMATION, STARS: PRE-MAIN-SEQUENCE, TURBULENCE, ISM: Clouds, ISM: Evolution, Stars: Formation, Stars: Pre-Main-Sequence, Turbulence},
     year = 1999,
    month = dec,
   volume = 527,
    pages = {285-297},
      doi = {10.1086/308076},
   adsurl = {http://adsabs.harvard.edu/abs/1999ApJ...527..285B},
  adsnote = {Provided by the SAO/NASA Astrophysics Data System}
}
